@article{capozzi2013downlink,
  title={Downlink packet scheduling in LTE cellular networks: Key design issues and a survey},
  author={Capozzi, Francesco and Piro, Giuseppe and Grieco, Luigi Alfredo and Boggia, Gennaro and Camarda, Pietro},
  journal={IEEE Communications Surveys \& Tutorials},
  volume={15},
  number={2},
  pages={678--700},
  year={2013},
  publisher={IEEE}
}
@article{kwan2009proportional,
  title={Proportional fair multiuser scheduling in LTE},
  author={Kwan, Raymond and Leung, Cyril and Zhang, Jie},
  journal={IEEE Signal Processing Letters},
  volume={16},
  number={6},
  pages={461--464},
  year={2009},
  publisher={IEEE}
}
@manual{ofdma-par1,
	author="Kim, Suhwook and Park, Hyunhee and Kim, Jeongki and  Ryu, Kiseon and  Cho, HanGyu ",
	title="11ax PAR Verification through OFDMA",
	url="https://mentor.ieee.org/802.11/dcn/16/11-16-1363-01-00ax-11ax-par-verification-through-ofdma.ppt",
	month="January",
	year="2017"
}

@manual{ofdma-par2,
	author="Su, Hongjia and Pang, Jiyong and Zhu, Jun and  Zhang, Jiayin and  Ma, Chixiang ",
	title="Preliminary 11ax PAR Verification",
	url="https://mentor.ieee.org/802.11/dcn/16/11-16-1363-01-00ax-11ax-par-verification-through-ofdma.ppt",
	month="September",
	year="2016"
}@inproceedings{lanante2017performance,
  title="{Performance Analysis of the 802.11ax UL OFDMA Random Access Protocol in Dense Networks}",
  author={Lanante, Leonardo and Ochi, Hiroshi and Uwai, Tatsumi and Nagao, Yuhei and Kurosaki, Masayuki and Ghosh, Chittabratta},
  booktitle={Communications, 2017. ICC'17. IEEE International Conference on},
  year={2017},
  organization={IEEE}
}
@inproceedings{uwai2016adaptive,
  title="{Adaptive Backoff Mechanism for OFDMA Random Access with Finite Service Period in IEEE802.11ax}",
  author={Uwai, Tatsumi and Miyamoto, Takuma and Nagao, Yuhei and Lanante, Leonardo and Kurosaki, Masayuki and Ochi, Hiroshi},
  booktitle={Standards for Communications and Networking (CSCN), 2016 IEEE Conference on},
  pages={1--6},
  year={2016},
  organization={IEEE}
}
@inproceedings{karaca2016resource,
  title="{Resource management for OFDMA based next generation 802.11 WLANs}",
  author={Karaca, Mehmet and Bastani, Saeed and Priyanto, Basuki Endah and Safavi, Mohammadhassan and Landfeldt, Bj{\"o}rn},
  booktitle={Wireless and Mobile Networking Conference (WMNC), 2016 9th IFIP},
  pages={57--64},
  year={2016},
  organization={IEEE}
}
@online{presentation_scenarios,
	title = "{TGax Simulation Scenarios. https://mentor.ieee.org/802.11/dcn/14/11-14-0980-16-00ax-simulation-scenarios.docx}"
}
@online{cisco,
	title = "{Cisco Visual Networking Index: Forecast and Methodology, 2014–2019}",
	url={http://www.cisco.com/c/en/us/solutions/collateral/service-provider/ip-ngn-ip-next-generation-network/white\_paper\_c11-481360.html}
}
@online{ciscoreport,
	title = "{Cisco Visual Networking Index: Global Mobile Data Traffic Forecast Update, 2016–2021}",
	url={http://www.cisco.com/c/en/us/solutions/collateral/service-provider/visual-networking-index-vni/mobile-white-paper-c11-520862.html}
}
@manual{802.11,
	title = "{IEEE Standard for Information technology – Telecommunications and information exchange between systems – Local and metropolitan area networks – Specific requirements – Part 11: Wireless LAN Medium Access Control (MAC) and Physical Layer (PHY) Specifications}",
	organization = {IEEE},
	year = {2012}
}
@online{ns-3,
	title = "{The ns-3 Network Simulator}",
	url = {http://www.nsnam.org/},
}
@online{kurchatov,
	title = "{NRC “Kurchatov Institute”}",
	url = {http://computing.kiae.ru/},
}
@inproceedings{khorov2015ieee,
	title={{IEEE 802.11 ax: How to Build High Efficiency WLANs}},
	author={Khorov, Evgeny and Kiryanov, Anton and Lyakhov, Andrey},
	booktitle={2015 International Conference on Engineering and Telecommunication (EnT)},
	pages={14--19},
	year={2015},
	organization={IEEE}
}
@inproceedings{khorov2016several,
	title={Several EDCA parameter sets for improving channel access in IEEE 802.11 ax networks},
	author={Khorov, Evgeny and Loginov, Vyacheslav and Lyakhov, Andrey},
	booktitle={Wireless Communication Systems (ISWCS), 2016 International Symposium on},
	pages={419--423},
	year={2016},
	organization={IEEE}
}
@inproceedings{khorov2016joint,
	title={Joint Usage of Dynamic Sensitivity Control and Time Division Multiple Access in Dense 802.11 ax Networks},
	author={Khorov, Evgeny and Kiryanov, Anton and Krotov, Alexander and Gallo, Pierluigi and Garlisi, Domenico and Tinnirello, Ilenia},
	booktitle={International Workshop on Multiple Access Communications},
	pages={57--71},
	year={2016},
	organization={Springer}
}
@article{bourgeois1971extension,
	title={An extension of the Munkres algorithm for the assignment problem to rectangular matrices},
	author={Bourgeois, Fran{\c{c}}ois and Lassalle, Jean-Claude},
	journal={Communications of the ACM},
	volume={14},
	number={12},
	pages={802--804},
	year={1971},
	publisher={ACM}
}
@article{bellalta2016ieee,
	title={{IEEE 802.11 ax: high-efficiency WLANs}},
	author={Bellalta, Boris},
	journal={IEEE Wireless Communications},
	volume={23},
	number={1},
	pages={38--46},
	year={2016},
	publisher={IEEE}
}
@inproceedings{qu2015ofdma,
	title="{An OFDMA based concurrent multiuser MAC for upcoming IEEE 802.11 ax}",
	author={Qu, Qiao and Li, Bo and Yang, Mao and Yan, Zhongjiang},
	booktitle={Wireless Communications and Networking Conference Workshops (WCNCW), 2015 IEEE},
	pages={136--141},
	year={2015},
	organization={IEEE}
}
